@article{1970_TeilerHenvis, 
author = {S. Teitler and B. W. Henvis}, 
journal = {J. Opt. Soc. Am.}, 
number = {6}, 
pages = {830--834}, 
publisher = {OSA},
title = {Refraction in Stratified, Anisotropic Media}, 
volume = {60}, 
month = {Jun},
year = {1970},
url = {http://www.opticsinfobase.org/abstract.cfm?URI=josa-60-6-830},
doi = {10.1364/JOSA.60.000830},
}
# cité


@article{Berreman, 
author = {Dwight W. Berreman}, 
journal = {J. Opt. Soc. Am.}, 
number = {4}, 
pages = {502--510}, 
publisher = {OSA},
title = {Optics in Stratified and Anisotropic Media: 4$\times$4-Matrix Formulation}, 
volume = {62}, 
month = {Apr},
year = {1972},
url = {http://www.opticsinfobase.org/abstract.cfm?URI=josa-62-4-502},
doi = {10.1364/JOSA.62.000502},
}
# cité

@article{Schubert,
  title = {Polarization-dependent optical parameters of arbitrarily anisotropic homogeneous layered systems},
  author = {Schubert, Mathias},
  journal = {Phys. Rev. B},
  volume = {53},
  issue = {8},
  pages = {4265--4274},
  year = {1996},
  month = {Feb},
  doi = {10.1103/PhysRevB.53.4265},
  url = {http://link.aps.org/doi/10.1103/PhysRevB.53.4265},
  publisher = {American Physical Society}
}
# cité

########################################################################

@book{Jackson,
    author = "J.D. Jackson",
    title = "Classical Electrodynamics",
    publisher = "Wiley",
    year = 1998
}
# cité

@book{BornWolf,
    author = "M. Born and E. Wolf",
    title = "Principles of Optics",
    publisher = "Cambridge University Press",
    year = 1999
}
# cité

@book{Yang,
  title={Fundamentals of Liquid Crystal Devices},
  author={Yang, D.K. and Wu, S.T.},
  isbn={9780470015421},
  series={Wiley Sid Series in Display Technology},
  year={2006},
  publisher={John Wiley}
}
# cité

@book{Chandrasekhar,
  title={Liquid Crystals},
  author={Chandrasekhar, S.},
  isbn={9780521417471},
  year={1992},
  publisher={Cambridge University Press}
}
# cité

@article{Jones, 
author = {R. Clark Jones}, 
journal = {J. Opt. Soc. Am.}, 
number = {7}, 
pages = {488--493}, 
publisher = {OSA},
title = {A New Calculus for the Treatment of Optical Systems}, 
volume = {31}, 
month = {Jul},
year = {1941},
url = {http://www.opticsinfobase.org/abstract.cfm?URI=josa-31-7-488},
doi = {10.1364/JOSA.31.000488},
}
# cité

########################################################################

@book{Fujiwara,
    title = {Spectroscopic Ellipsometry: Principles and Applications},
    isbn = {9780470016084},
    shorttitle = {Spectroscopic Ellipsometry},
    publisher = {John Wiley \& Sons},
    author = {Fujiwara, Hiroyuki},
    month = mar,
    year = {2007},
}
# cité

########################################################################

@article{1985_Abdulhalim,
        author = {Abdulhalim, I. and Benguigui, L. and Weil, R.},
        title = {Selective reflection by helicoidal liquid crystals. results of an exact calculation using the $4\times4$ characteristic matrix method},
        DOI= "10.1051/jphys:01985004605081500",
        url= "http://dx.doi.org/10.1051/jphys:01985004605081500",
        journal = {J. Phys. France},
        year = 1985,
        volume = 46,
        number = 5,
        pages = "815-825",
}
# cité

@article{1999_Abdulhalim,
  author={I. Abdulhalim},
  title={Analytic propagation matrix method for linear optics of arbitrary biaxial layered media},
  journal={Journal of Optics A: Pure and Applied Optics},
  volume={1},
  number={5},
  pages={646},
  url={http://stacks.iop.org/1464-4258/1/i=5/a=311},
  year={1999},
}
# cité
       
@article{2008_Abdulhalim,
    author = {I. Abdulhalim}, 
    journal = {Appl. Opt.}, 
    number = {16}, 
    pages = {3002--3008}, 
    publisher = {OSA},
    title = {Effect of the number of sublayers on axial optics of anisotropic helical structures}, 
    volume = {47}, 
    month = {Jun},
    year = {2008},
    url = {http://ao.osa.org/abstract.cfm?URI=ao-47-16-3002},
    doi = {10.1364/AO.47.003002},
}


@book{Gantmakher,
        title = {The Theory of Matrices},
        isbn = {9780821813768},
        publisher = {American Mathematical Soc.},
        author = {Gantmakher, Feliks Ruvimovich},
        year = {1959},
}
# cité

########################################################################

@article{1988_Wohler, 
author = {H. W\"{o}hler and G. Haas and M. Fritsch and D. A. Mlynski}, 
journal = {J. Opt. Soc. Am. A}, 
number = {9}, 
pages = {1554--1557}, 
publisher = {OSA},
title = {Faster 4 {\texttimes} 4 matrix method for uniaxial inhomogeneous media}, 
volume = {5}, 
month = {Sep},
year = {1988},
url = {http://josaa.osa.org/abstract.cfm?URI=josaa-5-9-1554},
doi = {10.1364/JOSAA.5.001554},
}
# cité

@article{1991_Wohler, 
author = {H. W\"{o}hler and M. Fritsch and G. Haas and D. A. Mlynski}, 
journal = {J. Opt. Soc. Am. A}, 
number = {3}, 
pages = {536--540}, 
publisher = {OSA},
title = {Characteristic matrix method for stratified anisotropic media: optical properties of special configurations}, 
volume = {8}, 
month = {Mar},
year = {1991},
url = {http://josaa.osa.org/abstract.cfm?URI=josaa-8-3-536},
doi = {10.1364/JOSAA.8.000536},
}
# cité


########################################################################

@article{2007_Lu, 
author = {Zhao Lu}, 
journal = {J. Opt. Soc. Am. A}, 
number = {1}, 
pages = {236--242}, 
publisher = {OSA},
title = {Accurate and efficient calculation of light propagation in one-dimensional inhomogeneous anisotropic media through extrapolation}, 
volume = {24}, 
month = {Jan},
year = {2007},
url = {http://josaa.osa.org/abstract.cfm?URI=josaa-24-1-236},
doi = {10.1364/JOSAA.24.000236},
}

@article{2008_Lu, 
author = {Zhao Lu}, 
journal = {Opt. Lett.}, 
number = {17}, 
pages = {1948--1950}, 
publisher = {OSA},
title = {Accurate calculation of reflectance spectra for thick one-dimensional inhomogeneous optical structures and media: stable propagation matrix method}, 
volume = {33}, 
month = {Sep},
year = {2008},
url = {http://ol.osa.org/abstract.cfm?URI=ol-33-17-1948},
doi = {10.1364/OL.33.001948},
}

@article{2010_Lu, 
author = {Zhao Lu}, 
journal = {Progress In Electromagnetics Research Letters}, 
pages = {1--9}, 
publisher = {JPIER},
title = {Efficient $4\times4$ Propagation Matrix Method Using a Fourth-Order Symplectic Integrator for the Optics of One-Dimensional Continuous Inhomogeneous Materials}, 
volume = {14}, 
month = {Sep},
year = {2010},
doi = {10.2528/PIERL10031501},
}

########################################################################

@misc{SciPy,
    title = {{SciPy}},
    note = "\url{http://www.scipy.org/}",
    year = 2012,
}

@misc{NumPy,
    title = {{NumPy}},
    note = "\url{http://numpy.scipy.org/}",
    year = 2012,
}

@misc{matplotlib,
    title = {matplotlib plotting library},
    note = "\url{http://matplotlib.sourceforge.net/}",
    year = 2012,
}

@misc{IPython,
    title = {{IPython}},
    note = "\url{http://ipython.org/}",
    year = 2012,
}

@misc{Wikipedia_Fresnel,
    title = {{Coefficients de Fresnel}},
    author = {Wikipedia},
    note = "\url{http://fr.wikipedia.org/wiki/Coefficients_de_Fresnel}",
    year = 2012,
}
